<?xml version="1.0" encoding="UTF-8"?>
<collection xmlns:xsi="http://www.w3.org/2001/XMLSchema-instance" xsi:schemaLocation="http://www.loc.gov/MARC21/slim http://www.loc.gov/standards/marcxml/schema/MARC21slim.xsd" xmlns="http://www.loc.gov/MARC21/slim">
<record>
  <leader>00888cam a22002291  4500</leader>
  <controlfield tag="001">3077356</controlfield>
  <controlfield tag="003">NNC</controlfield>
  <controlfield tag="005">20150920222923.0</controlfield>
  <controlfield tag="008">010830m19549999ua            000 0 ara d</controlfield>
  <datafield tag="035" ind1=" " ind2=" ">
    <subfield code="a">(OCoLC)ocm47883039</subfield>
  </datafield>
  <datafield tag="035" ind1=" " ind2=" ">
    <subfield code="9">ATQ0993CU</subfield>
  </datafield>
  <datafield tag="035" ind1=" " ind2=" ">
    <subfield code="a">(NNC)3077356</subfield>
  </datafield>
  <datafield tag="040" ind1=" " ind2=" ">
    <subfield code="a">ZCU</subfield>
    <subfield code="c">ZCU</subfield>
  </datafield>
  <datafield tag="041" ind1="1" ind2=" ">
    <subfield code="a">ara</subfield>
    <subfield code="h">und</subfield>
  </datafield>
  <datafield tag="099" ind1=" " ind2=" ">
    <subfield code="a">893.785</subfield>
    <subfield code="a">G223</subfield>
  </datafield>
  <datafield tag="100" ind1="1" ind2=" ">
    <subfield code="a">Gates, Arthur I.</subfield>
    <subfield code="q">(Arthur Irving),</subfield>
    <subfield code="d">1890-1972.</subfield>
  </datafield>
  <datafield tag="240" ind1="1" ind2="0">
    <subfield code="a">Educational psychology.</subfield>
    <subfield code="l">Arabic</subfield>
  </datafield>
  <datafield tag="245" ind1="1" ind2="0">
    <subfield code="a">ʻIlm al-nafs al-tarbawī,</subfield>
    <subfield code="c">taʾlīf Arthur I. Gates, Arthur T. Jersild, T.R. McConnell [wa] Robert C. Challman; tarjamat al-asātidha Ibrāhīm Ḥāfiẓ, Muḥammad ʻUthmān [wa] Muḥammad ʻAbd-al-Ḥamīd Abū al-ʻAzm; ishrāf wa taqdīm ʻAbd-al-ʻAzīz al-Qūṣī.</subfield>
  </datafield>
  <datafield tag="260" ind1=" " ind2=" ">
    <subfield code="a">Miṣr</subfield>
    <subfield code="b">Maktabat al-Nahḍah al-Miṣrīyah,</subfield>
    <subfield code="c">1954-</subfield>
  </datafield>
  <datafield tag="300" ind1=" " ind2=" ">
    <subfield code="a">v.</subfield>
  </datafield>
  <datafield tag="650" ind1=" " ind2="0">
    <subfield code="a">Educational psychology.</subfield>
  </datafield>
  <datafield tag="955" ind1=" " ind2=" ">
    <subfield code="b">0315334791</subfield>
    <subfield code="d">glx</subfield>
    <subfield code="e">893.785 G223</subfield>
    <subfield code="v">v.1</subfield>
  </datafield>
</record>
</collection>